%% This BibTeX bibliography file was created using BibDesk.
%% https://bibdesk.sourceforge.io/

%% Created for Mary Maller at 2024-04-16 15:49:50 +0100


%% Saved with string encoding Unicode (UTF-8)

@article{DiffieH76,
  author       = {Whitfield Diffie and
                  Martin E. Hellman},
  title        = {New directions in cryptography},
  journal      = {{IEEE} Trans. Inf. Theory},
  volume       = {22},
  number       = {6},
  pages        = {644--654},
  year         = {1976},
  url          = {https://doi.org/10.1109/TIT.1976.1055638},
  doi          = {10.1109/TIT.1976.1055638},
  timestamp    = {Tue, 10 Mar 2020 10:46:44 +0100},
  biburl       = {https://dblp.org/rec/journals/tit/DiffieH76.bib},
  bibsource    = {dblp computer science bibliography, https://dblp.org}
}

@article{Shor99,
	author = {Peter W. Shor},
	bibsource = {dblp computer science bibliography, https://dblp.org},
	biburl = {https://dblp.org/rec/journals/siamrev/Shor99.bib},
	date-added = {2024-04-16 15:49:45 +0100},
	date-modified = {2024-04-16 15:49:50 +0100},
	doi = {10.1137/S0036144598347011},
	journal = {{SIAM} Rev.},
	number = {2},
	pages = {303--332},
	timestamp = {Tue, 29 Sep 2020 10:58:15 +0200},
	title = {Polynomial-Time Algorithms for Prime Factorization and Discrete Logarithms on a Quantum Computer},
	url = {https://doi.org/10.1137/S0036144598347011},
	volume = {41},
	year = {1999},
	bdsk-url-1 = {https://doi.org/10.1137/S0036144598347011}}

@article{BenhamoudaHKRM23,
	author = {Fabrice Benhamouda and Shai Halevi and Hugo Krawczyk and Tal Rabin and Yiping Ma},
	bibsource = {dblp computer science bibliography, https://dblp.org},
	biburl = {https://dblp.org/rec/journals/iacr/BenhamoudaHKRM23.bib},
	date-added = {2024-04-16 15:18:11 +0100},
	date-modified = {2024-04-16 15:18:11 +0100},
	journal = {{IACR} Cryptol. ePrint Arch.},
	pages = {427},
	timestamp = {Fri, 31 Mar 2023 10:37:19 +0200},
	title = {{SPRINT:} High-Throughput Robust Distributed Schnorr Signatures},
	url = {https://eprint.iacr.org/2023/427},
	year = {2023},
	bdsk-url-1 = {https://eprint.iacr.org/2023/427}}

@article{BachoLSW24,
	author = {Renas Bacho and Julian Loss and Gilad Stern and Benedikt Wagner},
	bibsource = {dblp computer science bibliography, https://dblp.org},
	biburl = {https://dblp.org/rec/journals/iacr/BachoLSW24.bib},
	date-added = {2024-04-16 15:15:34 +0100},
	date-modified = {2024-04-16 15:15:46 +0100},
	journal = {{IACR} Cryptol. ePrint Arch.},
	pages = {280},
	timestamp = {Mon, 18 Mar 2024 21:43:59 +0100},
	title = {{HARTS:} High-Threshold, Adaptively Secure, and Robust Threshold Schnorr Signatures},
	url = {https://eprint.iacr.org/2024/280},
	year = {2024},
	bdsk-url-1 = {https://eprint.iacr.org/2024/280}}

@misc{KomloG24,
	author = {Chelsea Komlo and Ian Goldberg},
	date-added = {2024-04-16 15:10:57 +0100},
	date-modified = {2024-04-16 15:11:44 +0100},
	howpublished = {Cryptology ePrint Archive, Paper 2024/466},
	note = {\url{https://eprint.iacr.org/2024/466}},
	title = {Arctic: Lightweight and Stateless Threshold Schnorr Signatures},
	url = {https://eprint.iacr.org/2024/466},
	year = {2024},
	bdsk-url-1 = {https://eprint.iacr.org/2022/1332}}

@inproceedings{BellareCKMTZ22,
  author       = {Mihir Bellare and
                  Elizabeth C. Crites and
                  Chelsea Komlo and
                  Mary Maller and
                  Stefano Tessaro and
                  Chenzhi Zhu},
  editor       = {Yevgeniy Dodis and
                  Thomas Shrimpton},
  title        = {Better than Advertised Security for Non-interactive Threshold Signatures},
  booktitle    = {Advances in Cryptology - {CRYPTO} 2022 - 42nd Annual International
                  Cryptology Conference, {CRYPTO} 2022, Santa Barbara, CA, USA, August
                  15-18, 2022, Proceedings, Part {IV}},
  series       = {Lecture Notes in Computer Science},
  volume       = {13510},
  pages        = {517--550},
  publisher    = {Springer},
  year         = {2022},
  url          = {https://doi.org/10.1007/978-3-031-15985-5\_18},
  doi          = {10.1007/978-3-031-15985-5\_18},
  timestamp    = {Sun, 13 Nov 2022 17:52:04 +0100},
  biburl       = {https://dblp.org/rec/conf/crypto/BellareCKMTZ22.bib},
  bibsource    = {dblp computer science bibliography, https://dblp.org}
}

@inproceedings{BauerFP21,
	author = {Balthazar Bauer and Georg Fuchsbauer and Antoine Plouviez},
	bibsource = {dblp computer science bibliography, https://dblp.org},
	biburl = {https://dblp.org/rec/conf/asiacrypt/BauerFP21.bib},
	booktitle = {Advances in Cryptology - {ASIACRYPT} 2021 - 27th International Conference on the Theory and Application of Cryptology and Information Security, Singapore, December 6-10, 2021, Proceedings, Part {IV}},
	date-added = {2024-04-03 17:58:14 +0100},
	date-modified = {2024-04-03 17:58:34 +0100},
	doi = {10.1007/978-3-030-92068-5\_20},
	editor = {Mehdi Tibouchi and Huaxiong Wang},
	pages = {587--617},
	publisher = {Springer},
	series = {Lecture Notes in Computer Science},
	timestamp = {Fri, 03 Dec 2021 17:36:41 +0100},
	title = {The One-More Discrete Logarithm Assumption in the Generic Group Model},
	url = {https://doi.org/10.1007/978-3-030-92068-5\_20},
	volume = {13093},
	year = {2021},
	bdsk-url-1 = {https://doi.org/10.1007/978-3-030-92068-5%5C_20}}

@inproceedings{CorettiDG18,
	author = {Sandro Coretti and Yevgeniy Dodis and Siyao Guo},
	bibsource = {dblp computer science bibliography, https://dblp.org},
	biburl = {https://dblp.org/rec/conf/crypto/CorettiDG18.bib},
	booktitle = {Advances in Cryptology - {CRYPTO} 2018 - 38th Annual International Cryptology Conference, Santa Barbara, CA, USA, August 19-23, 2018, Proceedings, Part {I}},
	date-added = {2024-04-03 17:57:03 +0100},
	date-modified = {2024-04-03 17:57:12 +0100},
	doi = {10.1007/978-3-319-96884-1\_23},
	editor = {Hovav Shacham and Alexandra Boldyreva},
	pages = {693--721},
	publisher = {Springer},
	series = {Lecture Notes in Computer Science},
	timestamp = {Tue, 14 May 2019 10:00:48 +0200},
	title = {Non-Uniform Bounds in the Random-Permutation, Ideal-Cipher, and Generic-Group Models},
	url = {https://doi.org/10.1007/978-3-319-96884-1\_23},
	volume = {10991},
	year = {2018},
	bdsk-url-1 = {https://doi.org/10.1007/978-3-319-96884-1%5C_23}}

@article{BellareNPS03,
	author = {Mihir Bellare and Chanathip Namprempre and David Pointcheval and Michael Semanko},
	bibsource = {dblp computer science bibliography, https://dblp.org},
	biburl = {https://dblp.org/rec/journals/joc/BellareNPS03.bib},
	date-added = {2024-04-03 17:53:56 +0100},
	date-modified = {2024-04-03 17:54:09 +0100},
	doi = {10.1007/S00145-002-0120-1},
	journal = {J. Cryptol.},
	number = {3},
	pages = {185--215},
	timestamp = {Fri, 18 Sep 2020 11:17:21 +0200},
	title = {The One-More-RSA-Inversion Problems and the Security of Chaum's Blind Signature Scheme},
	url = {https://doi.org/10.1007/s00145-002-0120-1},
	volume = {16},
	year = {2003},
	bdsk-url-1 = {https://doi.org/10.1007/s00145-002-0120-1}}

@webpage{EdDSA,
	author = {National Institute of Standards and Technology},
	date-added = {2024-04-03 15:00:32 +0100},
	date-modified = {2024-04-03 15:03:15 +0100},
	month = {February},
	title = {Federal Information Processing Standards Publication 186-5},
	url = {https://nvlpubs.nist.gov/nistpubs/FIPS/NIST.FIPS.186-5.pdf},
	year = {2023},
	bdsk-url-1 = {https://nvlpubs.nist.gov/nistpubs/FIPS/NIST.FIPS.186-5.pdf}}

@inproceedings{Abe01,
	author = {Masayuki Abe},
	bibsource = {dblp computer science bibliography, https://dblp.org},
	biburl = {https://dblp.org/rec/conf/eurocrypt/Abe01.bib},
	booktitle = {{EUROCRYPT} 2001, Innsbruck, Austria, May 6-10, 2001},
	editor = {Birgit Pfitzmann},
	pages = {136--151},
	publisher = {Springer},
	series = {LNCS},
	timestamp = {Tue, 14 May 2019 10:00:53 +0200},
	title = {A Secure Three-Move Blind Signature Scheme for Polynomially Many Signatures},
	volume = {2045},
	year = {2001}}

@inproceedings{AbeF04,
  author       = {Masayuki Abe and
                  Serge Fehr},
  editor       = {Matthew K. Franklin},
  title        = {Adaptively Secure Feldman {VSS} and Applications to Universally-Composable
                  Threshold Cryptography},
  booktitle    = {Advances in Cryptology - {CRYPTO} 2004, 24th Annual International
                  CryptologyConference, Santa Barbara, California, USA, August 15-19,
                  2004, Proceedings},
  series       = {Lecture Notes in Computer Science},
  volume       = {3152},
  pages        = {317--334},
  publisher    = {Springer},
  year         = {2004},
  url          = {https://doi.org/10.1007/978-3-540-28628-8\_20},
  doi          = {10.1007/978-3-540-28628-8\_20},
  timestamp    = {Tue, 14 May 2019 10:00:48 +0200},
  biburl       = {https://dblp.org/rec/conf/crypto/AbeF04.bib},
  bibsource    = {dblp computer science bibliography, https://dblp.org}
}

@inproceedings{AbeO09,
	author = {Masayuki Abe and Miyako Ohkubo},
	bibsource = {dblp computer science bibliography, https://dblp.org},
	biburl = {https://dblp.org/rec/conf/asiacrypt/AbeO09.bib},
	booktitle = {{ASIACRYPT} 2009, Tokyo, Japan, December 6-10, 2009},
	editor = {Mitsuru Matsui},
	pages = {435--450},
	publisher = {Springer},
	series = {LNCS},
	timestamp = {Tue, 14 May 2019 10:00:40 +0200},
	title = {A Framework for Universally Composable Non-committing Blind Signatures},
	volume = {5912},
	year = {2009}}

@inproceedings{AbdolmalekiBL017,
	author = {Behzad Abdolmaleki and Karim Baghery and Helger Lipmaa and Michal Zajac},
	bibsource = {dblp computer science bibliography, https://dblp.org},
	biburl = {https://dblp.org/rec/conf/asiacrypt/AbdolmalekiBL017.bib},
	booktitle = {{ASIACRYPT} 2017, Hong Kong, China, December 3-7, 2017},
	editor = {Tsuyoshi Takagi and Thomas Peyrin},
	pages = {3--33},
	publisher = {Springer},
	series = {LNCS},
	timestamp = {Sun, 25 Oct 2020 22:50:27 +0100},
	title = {A Subversion-Resistant {SNARK}},
	volume = {10626},
	year = {2017}}

@inproceedings{AbdallaBM15,
	author = {Michel Abdalla and Fabrice Benhamouda and Philip MacKenzie},
	booktitle = {2015 IEEE Symposium on Security and Privacy},
	organization = {IEEE},
	pages = {571--587},
	title = {Security of the J-PAKE password-authenticated key exchange protocol},
	year = {2015}}

@inproceedings{AbdallaBKLX21,
	author = {Michel Abdalla and Manuel Barbosa and Jonathan Katz and Julian Loss and Jiayu Xu},
	booktitle = {Advances in Cryptology - {ASIACRYPT} 2021 - 27th International Conference on the Theory and Application of Cryptology and Information Security, Singapore, December 6-10, 2021, Proceedings, Part {III}},
	editor = {Mehdi Tibouchi and Huaxiong Wang},
	pages = {311--341},
	publisher = {Springer},
	series = {Lecture Notes in Computer Science},
	title = {Algebraic Adversaries in the Universal Composability Framework},
	volume = {13092},
	year = {2021}}

@inproceedings{AlperB21,
  author       = {Handan Kilin{\c{c}} Alper and
                  Jeffrey Burdges},
  editor       = {Tal Malkin and
                  Chris Peikert},
  title        = {Two-Round Trip Schnorr Multi-signatures via Delinearized Witnesses},
  booktitle    = {Advances in Cryptology - {CRYPTO} 2021 - 41st Annual International
                  Cryptology Conference, {CRYPTO} 2021, Virtual Event, August 16-20,
                  2021, Proceedings, Part {I}},
  series       = {Lecture Notes in Computer Science},
  volume       = {12825},
  pages        = {157--188},
  publisher    = {Springer},
  year         = {2021},
  url          = {https://doi.org/10.1007/978-3-030-84242-0\_7},
  doi          = {10.1007/978-3-030-84242-0\_7},
  timestamp    = {Tue, 17 Aug 2021 10:39:05 +0200},
  biburl       = {https://dblp.org/rec/conf/crypto/AlperB21.bib},
  bibsource    = {dblp computer science bibliography, https://dblp.org}
}

@inproceedings{AlmansaDN06,
	author = {Jes{\'{u}}s F. Almansa and Ivan Damg{\aa}rd and Jesper Buus Nielsen},
	bibsource = {dblp computer science bibliography, https://dblp.org},
	biburl = {https://dblp.org/rec/conf/eurocrypt/AlmansaDN06.bib},
	booktitle = {{EUROCRYPT} 2006, 25th Annual International Conference on the Theory and Applications of Cryptographic Techniques, St. Petersburg, Russia, May 28 - June 1, 2006},
	editor = {Serge Vaudenay},
	pages = {593--611},
	publisher = {Springer},
	series = {LNCS},
	timestamp = {Tue, 14 May 2019 10:00:53 +0200},
	title = {Simplified Threshold {RSA} with Adaptive and Proactive Security},
	volume = {4004},
	year = {2006}}

@article{BachoL22,
	author = {Renas Bacho and Julian Loss},
	bibsource = {dblp computer science bibliography, https://dblp.org},
	biburl = {https://dblp.org/rec/journals/iacr/BachoL22.bib},
	journal = {{IACR} Cryptol. ePrint Arch.},
	pages = {534},
	timestamp = {Mon, 16 May 2022 15:32:46 +0200},
	title = {On the Adaptive Security of the Threshold {BLS} Signature Scheme},
	url = {https://eprint.iacr.org/2022/534},
	year = {2022},
	bdsk-url-1 = {https://eprint.iacr.org/2022/534}}

@inproceedings{BagherzandiCJ08,
	author = {Ali Bagherzandi and Jung Hee Cheon and Stanislaw Jarecki},
	bibsource = {dblp computer science bibliography, https://dblp.org},
	biburl = {https://dblp.org/rec/conf/ccs/BagherzandiCJ08.bib},
	booktitle = {{CCS} 2008, Alexandria, Virginia, USA, October 27-31, 2008},
	editor = {Peng Ning and Paul F. Syverson and Somesh Jha},
	pages = {449--458},
	publisher = {{ACM}},
	timestamp = {Tue, 10 Nov 2020 19:59:27 +0100},
	title = {Multisignatures secure under the discrete logarithm assumption and a generalized forking lemma},
	year = {2008}}

@article{BellareD21,
	author = {Mihir Bellare and Wei Dai},
	bibsource = {dblp computer science bibliography, https://dblp.org},
	biburl = {https://dblp.org/rec/journals/iacr/BellareD21.bib},
	journal = {{IACR} Cryptol. ePrint Arch.},
	pages = {404},
	timestamp = {Wed, 07 Apr 2021 09:35:41 +0200},
	title = {Chain Reductions for Multi-Signatures},
	url = {https://eprint.iacr.org/2021/404},
	year = {2021},
	bdsk-url-1 = {https://eprint.iacr.org/2021/404}}

@inproceedings{BellareDL19,
	author = {Mihir Bellare and Wei Dai and Lucy Li},
	bibsource = {dblp computer science bibliography, https://dblp.org},
	biburl = {https://dblp.org/rec/conf/asiacrypt/BellareDL19.bib},
	booktitle = {{ASIACRYPT} 2019, Kobe, Japan, December 8-12, 2019},
	editor = {Steven D. Galbraith and Shiho Moriai},
	pages = {607--636},
	publisher = {Springer},
	series = {LNCS},
	timestamp = {Wed, 15 Jun 2022 18:53:13 +0200},
	title = {The Local Forking Lemma and Its Application to Deterministic Encryption},
	volume = {11923},
	year = {2019}}

@inproceedings{BellareN06,
  author       = {Mihir Bellare and
                  Gregory Neven},
  editor       = {Ari Juels and
                  Rebecca N. Wright and
                  Sabrina De Capitani di Vimercati},
  title        = {Multi-signatures in the plain public-Key model and a general forking
                  lemma},
  booktitle    = {Proceedings of the 13th {ACM} Conference on Computer and Communications
                  Security, {CCS} 2006, Alexandria, VA, USA, October 30 - November 3,
                  2006},
  pages        = {390--399},
  publisher    = {{ACM}},
  year         = {2006},
  url          = {https://doi.org/10.1145/1180405.1180453},
  doi          = {10.1145/1180405.1180453},
  timestamp    = {Wed, 24 Feb 2021 17:28:35 +0100},
  biburl       = {https://dblp.org/rec/conf/ccs/BellareN06.bib},
  bibsource    = {dblp computer science bibliography, https://dblp.org}
}

@inproceedings{BellareP02,
	author = {Mihir Bellare and Adriana Palacio},
	bibsource = {dblp computer science bibliography, https://dblp.org},
	biburl = {https://dblp.org/rec/conf/crypto/BellareP02.bib},
	booktitle = {{CRYPTO} 2002, USA, August 18-22, 2002, Proceedings},
	doi = {10.1007/3-540-45708-9\_11},
	editor = {Moti Yung},
	pages = {162--177},
	publisher = {Springer},
	series = {LNCS},
	timestamp = {Tue, 14 May 2019 10:00:48 +0200},
	title = {{GQ} and Schnorr Identification Schemes: Proofs of Security against Impersonation under Active and Concurrent Attacks},
	url = {https://doi.org/10.1007/3-540-45708-9\_11},
	volume = {2442},
	year = {2002},
	bdsk-url-1 = {https://doi.org/10.1007/3-540-45708-9%5C_11}}

@inproceedings{BellareP04,
	author = {Mihir Bellare and Adriana Palacio},
	bibsource = {dblp computer science bibliography, https://dblp.org},
	biburl = {https://dblp.org/rec/conf/crypto/BellareP04.bib},
	booktitle = {{CRYPTO} 2004, Santa Barbara, California, USA, August 15-19, 2004},
	editor = {Matthew K. Franklin},
	pages = {273--289},
	publisher = {Springer},
	series = {LNCS},
	timestamp = {Tue, 14 May 2019 10:00:48 +0200},
	title = {The Knowledge-of-Exponent Assumptions and 3-Round Zero-Knowledge Protocols},
	volume = {3152},
	year = {2004}}

@inproceedings{BellareR93,
  author       = {Mihir Bellare and
                  Phillip Rogaway},
  editor       = {Dorothy E. Denning and
                  Raymond Pyle and
                  Ravi Ganesan and
                  Ravi S. Sandhu and
                  Victoria Ashby},
  title        = {Random Oracles are Practical: {A} Paradigm for Designing Efficient
                  Protocols},
  booktitle    = {{CCS} '93, Proceedings of the 1st {ACM} Conference on Computer and
                  Communications Security, Fairfax, Virginia, USA, November 3-5, 1993},
  pages        = {62--73},
  publisher    = {{ACM}},
  year         = {1993},
  url          = {https://doi.org/10.1145/168588.168596},
  doi          = {10.1145/168588.168596},
  timestamp    = {Tue, 10 Nov 2020 20:00:40 +0100},
  biburl       = {https://dblp.org/rec/conf/ccs/BellareR93.bib},
  bibsource    = {dblp computer science bibliography, https://dblp.org}
}


@inproceedings{BellareR06,
	author = {Mihir Bellare and Phillip Rogaway},
	bibsource = {dblp computer science bibliography, https://dblp.org},
	biburl = {https://dblp.org/rec/conf/eurocrypt/BellareR06.bib},
	booktitle = {{EUROCRYPT} 2006, St. Petersburg, Russia, May 28 - June 1, 2006},
	editor = {Serge Vaudenay},
	pages = {409--426},
	publisher = {Springer},
	series = {LNCS},
	timestamp = {Tue, 14 May 2019 10:00:53 +0200},
	title = {The Security of Triple Encryption and a Framework for Code-Based Game-Playing Proofs},
	volume = {4004},
	year = {2006}}

@inproceedings{BellareS07,
	author = {Mihir Bellare and Sarah Shoup},
	bibsource = {dblp computer science bibliography, https://dblp.org},
	biburl = {https://dblp.org/rec/conf/pkc/BellareS07.bib},
	booktitle = {{PKC} 2007, Beijing, China, April 16-20, 2007, Proceedings},
	doi = {10.1007/978-3-540-71677-8\_14},
	editor = {Tatsuaki Okamoto and Xiaoyun Wang},
	pages = {201--216},
	publisher = {Springer},
	series = {LNCS},
	timestamp = {Fri, 01 May 2020 18:32:25 +0200},
	title = {Two-Tier Signatures, Strongly Unforgeable Signatures, and Fiat-Shamir Without Random Oracles},
	url = {https://doi.org/10.1007/978-3-540-71677-8\_14},
	volume = {4450},
	year = {2007},
	bdsk-url-1 = {https://doi.org/10.1007/978-3-540-71677-8%5C_14}}

@article{BellareTZ22,
  author       = {Mihir Bellare and
                  Stefano Tessaro and
                  Chenzhi Zhu},
  title        = {Stronger Security for Non-Interactive Threshold Signatures: {BLS}
                  and {FROST}},
  journal      = {{IACR} Cryptol. ePrint Arch.},
  pages        = {833},
  year         = {2022},
  url          = {https://eprint.iacr.org/2022/833},
  timestamp    = {Tue, 27 Sep 2022 16:44:22 +0200},
  biburl       = {https://dblp.org/rec/journals/iacr/BellareTZ22.bib},
  bibsource    = {dblp computer science bibliography, https://dblp.org}
}

@inproceedings{BenhamoudaLLOR20,
	author = {Fabrice Benhamouda and Tancr{\`{e}}de Lepoint and Julian Loss and Michele Orr{\`{u}} and Mariana Raykova},
	bibsource = {dblp computer science bibliography, https://dblp.org},
	biburl = {https://dblp.org/rec/conf/eurocrypt/BenhamoudaLLO021.bib},
	booktitle = {{EUROCRYPT} 2021, Zagreb, Croatia, October 17-21, 2021},
	editor = {Anne Canteaut and Fran{\c{c}}ois{-}Xavier Standaert},
	pages = {33--53},
	publisher = {Springer},
	series = {LNCS},
	timestamp = {Wed, 16 Jun 2021 11:54:07 +0200},
	title = {On the (in)security of {ROS}},
	volume = {12696},
	year = {2021}}

@inproceedings{Boldyreva03,
	author = {Alexandra Boldyreva},
	bibsource = {dblp computer science bibliography, https://dblp.org},
	biburl = {https://dblp.org/rec/conf/pkc/Boldyreva03.bib},
	booktitle = {{PKC} 2003, Miami, FL, USA, January 6-8, 2003},
	editor = {Yvo Desmedt},
	pages = {31--46},
	publisher = {Springer},
	series = {LNCS},
	timestamp = {Fri, 01 May 2020 18:32:25 +0200},
	title = {Threshold Signatures, Multisignatures and Blind Signatures Based on the Gap-Diffie-Hellman-Group Signature Scheme},
	volume = {2567},
	year = {2003}}

@inproceedings{BaldimtsiL13,
	author = {Foteini Baldimtsi and Anna Lysyanskaya},
	bibsource = {dblp computer science bibliography, https://dblp.org},
	biburl = {https://dblp.org/rec/conf/asiacrypt/BaldimtsiL13.bib},
	booktitle = {{ASIACRYPT} 2013 - 19th International Conference on the Theory and Application of Cryptology and Information Security, Bengaluru, India, December 1-5, 2013},
	doi = {10.1007/978-3-642-42045-0\_5},
	editor = {Kazue Sako and Palash Sarkar},
	pages = {82--99},
	publisher = {Springer},
	series = {LNCS},
	timestamp = {Tue, 14 May 2019 10:00:40 +0200},
	title = {On the Security of One-Witness Blind Signature Schemes},
	url = {https://doi.org/10.1007/978-3-642-42045-0\_5},
	volume = {8270},
	year = {2013},
	bdsk-url-1 = {https://doi.org/10.1007/978-3-642-42045-0%5C_5}}

@inproceedings{BonehV98,
	author = {Dan Boneh and Ramarathnam Venkatesan},
	bibsource = {dblp computer science bibliography, https://dblp.org},
	biburl = {https://dblp.org/rec/conf/eurocrypt/BonehV98.bib},
	booktitle = {{EUROCRYPT} '98, International Conference on the Theory and Application of Cryptographic Techniques, Espoo, Finland, May 31 - June 4, 1998},
	doi = {10.1007/BFb0054117},
	editor = {Kaisa Nyberg},
	pages = {59--71},
	publisher = {Springer},
	series = {LNCS},
	timestamp = {Tue, 14 May 2019 10:00:53 +0200},
	title = {Breaking {RSA} May Not Be Equivalent to Factoring},
	url = {https://doi.org/10.1007/BFb0054117},
	volume = {1403},
	year = {1998},
	bdsk-url-1 = {https://doi.org/10.1007/BFb0054117}}

@inproceedings{BonehDN18,
	author = {Dan Boneh and Manu Drijvers and Gregory Neven},
	bibsource = {dblp computer science bibliography, https://dblp.org},
	biburl = {https://dblp.org/rec/conf/asiacrypt/BonehDN18.bib},
	booktitle = {{ASIACRYPT} 2018, Brisbane, QLD, Australia, December 2-6, 2018},
	editor = {Thomas Peyrin and Steven D. Galbraith},
	pages = {435--464},
	publisher = {Springer},
	series = {LNCS},
	timestamp = {Tue, 14 May 2019 10:00:40 +0200},
	title = {Compact Multi-signatures for Smaller Blockchains},
	volume = {11273},
	year = {2018}}

@misc{BonehS2020,
	author = {Boneh, Dan and Shoup, Victor},
	title = {A Graduate Course in Applied Cryptography},
	url = {http://toc.cryptobook.us/book.pdf},
	year = {2020},
	bdsk-url-1 = {http://toc.cryptobook.us/book.pdf}}

@inproceedings{ChuGRS23,
  author       = {Hien Chu and
                  Paul Gerhart and
                  Tim Ruffing and
                  Dominique Schr{\"{o}}der},
  editor       = {Helena Handschuh and
                  Anna Lysyanskaya},
  title        = {Practical Schnorr Threshold Signatures Without the Algebraic Group
                  Model},
  booktitle    = {Advances in Cryptology - {CRYPTO} 2023 - 43rd Annual International
                  Cryptology Conference, {CRYPTO} 2023, Santa Barbara, CA, USA, August
                  20-24, 2023, Proceedings, Part {I}},
  series       = {Lecture Notes in Computer Science},
  volume       = {14081},
  pages        = {743--773},
  publisher    = {Springer},
  year         = {2023},
  url          = {https://doi.org/10.1007/978-3-031-38557-5\_24},
  doi          = {10.1007/978-3-031-38557-5\_24},
  timestamp    = {Fri, 18 Aug 2023 08:45:02 +0200},
  biburl       = {https://dblp.org/rec/conf/crypto/ChuGRS23.bib},
  bibsource    = {dblp computer science bibliography, https://dblp.org}
}

@inproceedings{CritesKM23,
  author       = {Elizabeth C. Crites and
                  Chelsea Komlo and
                  Mary Maller},
  editor       = {Helena Handschuh and
                  Anna Lysyanskaya},
  title        = {Fully Adaptive Schnorr Threshold Signatures},
  booktitle    = {Advances in Cryptology - {CRYPTO} 2023 - 43rd Annual International
                  Cryptology Conference, {CRYPTO} 2023, Santa Barbara, CA, USA, August
                  20-24, 2023, Proceedings, Part {I}},
  series       = {Lecture Notes in Computer Science},
  volume       = {14081},
  pages        = {678--709},
  publisher    = {Springer},
  year         = {2023},
  url          = {https://doi.org/10.1007/978-3-031-38557-5\_22},
  doi          = {10.1007/978-3-031-38557-5\_22},
  timestamp    = {Mon, 14 Aug 2023 16:16:25 +0200},
  biburl       = {https://dblp.org/rec/conf/crypto/CritesKM23.bib},
  bibsource    = {dblp computer science bibliography, https://dblp.org}
}

@inproceedings{Canetti01,
	author = {Ran Canetti},
	bibsource = {dblp computer science bibliography, https://dblp.org},
	biburl = {https://dblp.org/rec/conf/focs/Canetti01.bib},
	booktitle = {{FOCS} 2001, 14-17 October 2001, Las Vegas, Nevada, {USA}},
	pages = {136--145},
	publisher = {{IEEE} Computer Society},
	timestamp = {Wed, 16 Oct 2019 14:14:54 +0200},
	title = {Universally Composable Security: {A} New Paradigm for Cryptographic Protocols},
	year = {2001}}

@inproceedings{CanettiFGN96,
	author = {Ran Canetti and Uriel Feige and Oded Goldreich and Moni Naor},
	bibsource = {dblp computer science bibliography, https://dblp.org},
	biburl = {https://dblp.org/rec/conf/stoc/CanettiFGN96.bib},
	booktitle = {{STOC} '96, Philadelphia, Pennsylvania, USA, May 22-24, 1996},
	editor = {Gary L. Miller},
	pages = {639--648},
	publisher = {{ACM}},
	timestamp = {Tue, 06 Nov 2018 11:07:06 +0100},
	title = {Adaptively Secure Multi-Party Computation},
	year = {1996}}

@inproceedings{CanettiGJKR99,
	author = {Ran Canetti and Rosario Gennaro and Stanislaw Jarecki and Hugo Krawczyk and Tal Rabin},
	bibsource = {dblp computer science bibliography, https://dblp.org},
	biburl = {https://dblp.org/rec/conf/crypto/CanettiGJKR99.bib},
	booktitle = {CRYPTO '99, Santa Barbara, California, USA, August 15-19, 1999},
	editor = {Michael J. Wiener},
	pages = {98--115},
	publisher = {Springer},
	series = {LNCS},
	timestamp = {Tue, 14 May 2019 10:00:48 +0200},
	title = {Adaptive Security for Threshold Cryptosystems},
	volume = {1666},
	year = {1999}}

@article{CanettiGGMP21,
	author = {Ran Canetti and Rosario Gennaro and Steven Goldfeder and Nikolaos Makriyannis and Udi Peled},
	bibsource = {dblp computer science bibliography, https://dblp.org},
	biburl = {https://dblp.org/rec/journals/iacr/CanettiGGMP21.bib},
	journal = {{IACR} Cryptol. ePrint Arch.},
	pages = {60},
	timestamp = {Tue, 02 Feb 2021 17:40:34 +0100},
	title = {{UC} Non-Interactive, Proactive, Threshold {ECDSA} with Identifiable Aborts},
	url = {https://eprint.iacr.org/2021/060},
	year = {2021},
	bdsk-url-1 = {https://eprint.iacr.org/2021/060}}

@inproceedings{Chaum82,
	author = {David Chaum},
	bibsource = {dblp computer science bibliography, https://dblp.org},
	biburl = {https://dblp.org/rec/conf/crypto/Chaum82.bib},
	booktitle = {{CRYPTO} 1982, Santa Barbara, California, USA, August 23-25, 1982},
	editor = {David Chaum and Ronald L. Rivest and Alan T. Sherman},
	pages = {199--203},
	publisher = {Plenum Press, New York},
	timestamp = {Mon, 29 Jul 2019 16:00:10 +0200},
	title = {Blind Signatures for Untraceable Payments},
	year = {1982}}

@inproceedings{ChaumP92,
	author = {David Chaum and Torben P. Pedersen},
	bibsource = {dblp computer science bibliography, https://dblp.org},
	biburl = {https://dblp.org/rec/conf/crypto/ChaumP92.bib},
	booktitle = {{CRYPTO} 1992, Santa Barbara, California, USA, August 16-20, 1992},
	editor = {Ernest F. Brickell},
	pages = {89--105},
	publisher = {Springer},
	series = {LNCS},
	timestamp = {Tue, 01 Jun 2021 15:21:29 +0200},
	title = {Wallet Databases with Observers},
	volume = {740},
	year = {1992}}

@misc{Connolly22,
	author = {Deirdre Connolly and Chelsea Komlo and Ian Goldberg and Chris Wood},
	title = {Two-Round Threshold Schnorr Signatures with FROST},
	url = {https://datatracker.ietf.org/doc/draft-irtf-cfrg-frost/},
	year = {2022},
	bdsk-url-1 = {https://datatracker.ietf.org/doc/draft-irtf-cfrg-frost/}}

@article{CritesKM21,
  author       = {Elizabeth C. Crites and
                  Chelsea Komlo and
                  Mary Maller},
  title        = {How to Prove Schnorr Assuming Schnorr: Security of Multi- and Threshold
                  Signatures},
  journal      = {{IACR} Cryptol. ePrint Arch.},
  pages        = {1375},
  year         = {2021},
  url          = {https://eprint.iacr.org/2021/1375},
  timestamp    = {Fri, 12 Nov 2021 14:36:03 +0100},
  biburl       = {https://dblp.org/rec/journals/iacr/CritesKM21.bib},
  bibsource    = {dblp computer science bibliography, https://dblp.org}
}

@inproceedings{Damgard91,
	author = {Ivan Damg{\aa}rd},
	bibsource = {dblp computer science bibliography, https://dblp.org},
	biburl = {https://dblp.org/rec/conf/crypto/Damgard91.bib},
	booktitle = {{CRYPTO} '91, Santa Barbara, California, USA, August 11-15, 1991},
	editor = {Joan Feigenbaum},
	pages = {445--456},
	publisher = {Springer},
	series = {LNCS},
	timestamp = {Fri, 17 Jul 2020 16:12:45 +0200},
	title = {Towards Practical Public Key Systems Secure Against Chosen Ciphertext Attacks},
	volume = {576},
	year = {1991}}

@misc{DenisJW22,
	author = {Frank Denis and Frederic Jacobs and Christopher Wood},
	title = {RSA Blind Signatures},
	url = {https://datatracker.ietf.org/doc/draft-irtf-cfrg-rsa-blind-signatures/},
	year = {2022},
	bdsk-url-1 = {https://datatracker.ietf.org/doc/draft-irtf-cfrg-rsa-blind-signatures/}}

@misc{cryptoeprint:2018/417,
      author = {Manu Drijvers and Kasra Edalatnejad and Bryan Ford and Eike Kiltz and Julian Loss and Gregory Neven and Igors Stepanovs},
      title = {On the Security of Two-Round Multi-Signatures},
      howpublished = {Cryptology {ePrint} Archive, Paper 2018/417},
      year = {2018},
      url = {https://eprint.iacr.org/2018/417}
}

@inproceedings{DrijversEFKLNS19,
  author       = {Manu Drijvers and
                  Kasra Edalatnejad and
                  Bryan Ford and
                  Eike Kiltz and
                  Julian Loss and
                  Gregory Neven and
                  Igors Stepanovs},
  title        = {On the Security of Two-Round Multi-Signatures},
  booktitle    = {2019 {IEEE} Symposium on Security and Privacy, {SP} 2019, San Francisco,
                  CA, USA, May 19-23, 2019},
  pages        = {1084--1101},
  publisher    = {{IEEE}},
  year         = {2019},
  url          = {https://doi.org/10.1109/SP.2019.00050},
  doi          = {10.1109/SP.2019.00050},
  timestamp    = {Tue, 29 Dec 2020 18:35:02 +0100},
  biburl       = {https://dblp.org/rec/conf/sp/DrijversEFKLNS19.bib},
  bibsource    = {dblp computer science bibliography, https://dblp.org}
}



@article{DrijversEFN18,
	author = {Manu Drijvers and Kasra Edalatnejad and Bryan Ford and Gregory Neven},
	bibsource = {dblp computer science bibliography, https://dblp.org},
	biburl = {https://dblp.org/rec/journals/iacr/DrijversEFN18.bib},
	journal = {{IACR} Cryptol. ePrint Arch.},
	pages = {417},
	timestamp = {Mon, 11 May 2020 15:57:37 +0200},
	title = {Okamoto Beats Schnorr: On the Provable Security of Multi-Signatures},
	url = {https://eprint.iacr.org/2018/417},
	year = {2018},
	bdsk-url-1 = {https://eprint.iacr.org/2018/417}}

@misc{Edgington23,
	author = {Ben Edgington},
	title = {Upgrading Ethereum},
	url = {https://eth2book.info/bellatrix/part2/building_blocks/randomness/},
	year = {2023},
	bdsk-url-1 = {https://eth2book.info/bellatrix/part2/building_blocks/randomness/}}

@inproceedings{Fischlin12,
	author = {Marc Fischlin},
	bibsource = {dblp computer science bibliography, https://dblp.org},
	biburl = {https://dblp.org/rec/conf/africacrypt/Fischlin12.bib},
	booktitle = {{AFRICACRYPT} 2012 - 5th International Conference on Cryptology in Africa, Ifrance, Morocco, July 10-12},
	doi = {10.1007/978-3-642-31410-0\_26},
	editor = {Aikaterini Mitrokotsa and Serge Vaudenay},
	pages = {413--422},
	publisher = {Springer},
	series = {LNCS},
	timestamp = {Sun, 02 Jun 2019 21:14:37 +0200},
	title = {Black-Box Reductions and Separations in Cryptography},
	url = {https://doi.org/10.1007/978-3-642-31410-0\_26},
	volume = {7374},
	year = {2012},
	bdsk-url-1 = {https://doi.org/10.1007/978-3-642-31410-0%5C_26}}

@inproceedings{FiatS86,
	author = {Amos Fiat and Adi Shamir},
	bibsource = {dblp computer science bibliography, https://dblp.org},
	biburl = {https://dblp.org/rec/conf/crypto/FiatS86.bib},
	booktitle = {{CRYPTO} 1986, Santa Barbara, California, USA, 1986},
	editor = {Andrew M. Odlyzko},
	pages = {186--194},
	publisher = {Springer},
	series = {LNCS},
	timestamp = {Tue, 14 May 2019 10:00:48 +0200},
	title = {How to Prove Yourself: Practical Solutions to Identification and Signature Problems},
	volume = {263},
	year = {1986}}

@inproceedings{Feldman87,
	author = {Paul Feldman},
	bibsource = {dblp computer science bibliography, https://dblp.org},
	biburl = {https://dblp.org/rec/conf/focs/Feldman87.bib},
	booktitle = {28th Annual Symposium on Foundations of Computer Science, Los Angeles, California, USA, October 27-29, 1987},
	pages = {427--437},
	publisher = {{IEEE}},
	timestamp = {Wed, 16 Oct 2019 14:14:54 +0200},
	title = {A Practical Scheme for Non-interactive Verifiable Secret Sharing},
	year = {1987}}

@inproceedings{FischlinF13,
	author = {Marc Fischlin and Nils Fleischhacker},
	bibsource = {dblp computer science bibliography, https://dblp.org},
	biburl = {https://dblp.org/rec/conf/eurocrypt/FischlinF13.bib},
	booktitle = {{EUROCRYPT} 2013, 32nd Annual International Conference on the Theory and Applications of Cryptographic Techniques, Athens, Greece, May 26-30, 2013},
	doi = {10.1007/978-3-642-38348-9\_27},
	editor = {Thomas Johansson and Phong Q. Nguyen},
	pages = {444--460},
	publisher = {Springer},
	series = {LNCS},
	timestamp = {Tue, 14 May 2019 10:00:53 +0200},
	title = {Limitations of the Meta-reduction Technique: The Case of Schnorr Signatures},
	url = {https://doi.org/10.1007/978-3-642-38348-9\_27},
	volume = {7881},
	year = {2013},
	bdsk-url-1 = {https://doi.org/10.1007/978-3-642-38348-9%5C_27}}

@inproceedings{Fischlin05,
	author = {Marc Fischlin},
	bibsource = {dblp computer science bibliography, https://dblp.org},
	biburl = {https://dblp.org/rec/conf/crypto/Fischlin05.bib},
	booktitle = {{CRYPTO} 2005, Santa Barbara, California, USA, August 14-18, 2005},
	editor = {Victor Shoup},
	pages = {152--168},
	publisher = {Springer},
	series = {LNCS},
	timestamp = {Tue, 14 May 2019 10:00:48 +0200},
	title = {Communication-Efficient Non-interactive Proofs of Knowledge with Online Extractors},
	volume = {3621},
	year = {2005}}

@inproceedings{FischlinS10,
	author = {Marc Fischlin and Dominique Schr{\"{o}}der},
	bibsource = {dblp computer science bibliography, https://dblp.org},
	biburl = {https://dblp.org/rec/conf/eurocrypt/FischlinS10.bib},
	booktitle = {{EUROCRYPT} 2010, Monaco / French Riviera, May 30 - June 3, 2010},
	editor = {Henri Gilbert},
	pages = {197--215},
	publisher = {Springer},
	series = {LNCS},
	timestamp = {Tue, 14 May 2019 10:00:53 +0200},
	title = {On the Impossibility of Three-Move Blind Signature Schemes},
	volume = {6110},
	year = {2010}}

@inproceedings{FischlinHJ20,
	author = {Marc Fischlin and Patrick Harasser and Christian Janson},
	booktitle = {{EUROCRYPT} 2020, Zagreb, Croatia, May 10-14, 2020},
	editor = {Anne Canteaut and Yuval Ishai},
	pages = {212--244},
	publisher = {Springer},
	series = {LNCS},
	title = {Signatures from Sequential-OR Proofs},
	volume = {12107},
	year = {2020}}

@inproceedings{FleischhackerJS14,
	author = {Nils Fleischhacker and Tibor Jager and Dominique Schr{\"{o}}der},
	bibsource = {dblp computer science bibliography, https://dblp.org},
	biburl = {https://dblp.org/rec/journals/joc/FleischhackerJS19.bib},
	journal = {J. Cryptol.},
	number = {2},
	pages = {566--599},
	timestamp = {Fri, 18 Sep 2020 11:17:27 +0200},
	title = {On Tight Security Proofs for Schnorr Signatures},
	volume = {32},
	year = {2019}}

@inproceedings{FuchsbauerHS15,
	author = {Georg Fuchsbauer and Christian Hanser and Daniel Slamanig},
	bibsource = {dblp computer science bibliography, https://dblp.org},
	biburl = {https://dblp.org/rec/conf/crypto/FuchsbauerHS15.bib},
	booktitle = {{CRYPTO} 2015 - Santa Barbara, CA, USA, August 16-20, 2015},
	editor = {Rosario Gennaro and Matthew Robshaw},
	pages = {233--253},
	publisher = {Springer},
	series = {LNCS},
	timestamp = {Tue, 20 Aug 2019 15:26:42 +0200},
	title = {Practical Round-Optimal Blind Signatures in the Standard Model},
	volume = {9216},
	year = {2015}}

@inproceedings{FuchsbauerHKS16,
	author = {Georg Fuchsbauer and Christian Hanser and Chethan Kamath and Daniel Slamanig},
	bibsource = {dblp computer science bibliography, https://dblp.org},
	biburl = {https://dblp.org/rec/conf/scn/FuchsbauerHKS16.bib},
	booktitle = {Security and Cryptography for Networks, Amalfi, Italy, August 31 - September 2, 2016},
	editor = {Vassilis Zikas and Roberto De Prisco},
	pages = {391--408},
	publisher = {Springer},
	series = {LNCS},
	timestamp = {Tue, 14 May 2019 10:00:54 +0200},
	title = {Practical Round-Optimal Blind Signatures in the Standard Model from Weaker Assumptions},
	volume = {9841},
	year = {2016}}

@inproceedings{FuchsbauerKL18,
	author = {Georg Fuchsbauer and Eike Kiltz and Julian Loss},
	bibsource = {dblp computer science bibliography, https://dblp.org},
	biburl = {https://dblp.org/rec/conf/crypto/FuchsbauerKL18.bib},
	booktitle = {{CRYPTO} 2018, Santa Barbara, CA, USA, August 19-23, 2018},
	editor = {Hovav Shacham and Alexandra Boldyreva},
	pages = {33--62},
	publisher = {Springer},
	series = {LNCS},
	timestamp = {Wed, 25 Sep 2019 18:02:07 +0200},
	title = {The Algebraic Group Model and its Applications},
	volume = {10992},
	year = {2018}}

@inproceedings{FuchsbauerPS20,
	author = {Georg Fuchsbauer and Antoine Plouviez and Yannick Seurin},
	bibsource = {dblp computer science bibliography, https://dblp.org},
	biburl = {https://dblp.org/rec/conf/eurocrypt/FuchsbauerPS20.bib},
	booktitle = {{EUROCRYPT} 2020, Zagreb, Croatia, May 10-14, 2020},
	editor = {Anne Canteaut and Yuval Ishai},
	pages = {63--95},
	publisher = {Springer},
	series = {LNCS},
	timestamp = {Mon, 04 May 2020 14:35:02 +0200},
	title = {Blind Schnorr Signatures and Signed ElGamal Encryption in the Algebraic Group Model},
	volume = {12106},
	year = {2020}}

@inproceedings{GargRSSU11,
	author = {Sanjam Garg and Vanishree Rao and Amit Sahai and Dominique Schr{\"{o}}der and Dominique Unruh},
	bibsource = {dblp computer science bibliography, https://dblp.org},
	biburl = {https://dblp.org/rec/conf/crypto/GargRSSU11.bib},
	booktitle = {{CRYPTO} 2011, Santa Barbara, CA, USA, August 14-18, 2011},
	editor = {Phillip Rogaway},
	pages = {630--648},
	publisher = {Springer},
	series = {LNCS},
	timestamp = {Sun, 02 Jun 2019 21:10:39 +0200},
	title = {Round Optimal Blind Signatures},
	volume = {6841},
	year = {2011}}

@inproceedings{GargG14,
	author = {Sanjam Garg and Divya Gupta},
	bibsource = {dblp computer science bibliography, https://dblp.org},
	biburl = {https://dblp.org/rec/conf/eurocrypt/GargG14.bib},
	booktitle = {{EUROCRYPT} 2014, Copenhagen, Denmark, May 11-15, 2014},
	editor = {Phong Q. Nguyen and Elisabeth Oswald},
	pages = {477--495},
	publisher = {Springer},
	series = {LNCS},
	timestamp = {Thu, 14 Oct 2021 09:58:16 +0200},
	title = {Efficient Round Optimal Blind Signatures},
	volume = {8441},
	year = {2014}}

@article{Gabizon19,
	author = {Ariel Gabizon},
	bibsource = {dblp computer science bibliography, https://dblp.org},
	biburl = {https://dblp.org/rec/journals/iacr/Gabizon19.bib},
	journal = {{IACR} Cryptol. ePrint Arch.},
	pages = {119},
	timestamp = {Mon, 11 May 2020 15:56:00 +0200},
	title = {On the security of the {BCTV} Pinocchio zk-SNARK variant},
	url = {https://eprint.iacr.org/2019/119},
	year = {2019},
	bdsk-url-1 = {https://eprint.iacr.org/2019/119}}

@article{GennaroJKR01,
	author = {Rosario Gennaro and Stanislaw Jarecki and Hugo Krawczyk and Tal Rabin},
	bibsource = {dblp computer science bibliography, https://dblp.org},
	biburl = {https://dblp.org/rec/journals/iandc/GennaroJKR01.bib},
	journal = {Inf. Comput.},
	number = {1},
	pages = {54--84},
	timestamp = {Fri, 12 Feb 2021 22:15:39 +0100},
	title = {Robust Threshold {DSS} Signatures},
	volume = {164},
	year = {2001}}

@article{GennaroJKR07,
	author = {Rosario Gennaro and Stanislaw Jarecki and Hugo Krawczyk and Tal Rabin},
	bibsource = {dblp computer science bibliography, https://dblp.org},
	biburl = {https://dblp.org/rec/journals/joc/GennaroJKR07.bib},
	journal = {J. Cryptol.},
	number = {1},
	pages = {51--83},
	timestamp = {Fri, 18 Sep 2020 11:17:38 +0200},
	title = {Secure Distributed Key Generation for Discrete-Log Based Cryptosystems},
	volume = {20},
	year = {2007}}

@inproceedings{GennaroJKR03,
	author = {Rosario Gennaro and Stanislaw Jarecki and Hugo Krawczyk and Tal Rabin},
	bibsource = {dblp computer science bibliography, https://dblp.org},
	biburl = {https://dblp.org/rec/conf/ctrsa/GennaroJKR03.bib},
	booktitle = {{CT-RSA} 2003, San Francisco, CA, USA, April 13-17, 2003},
	editor = {Marc Joye},
	pages = {373--390},
	publisher = {Springer},
	series = {LNCS},
	timestamp = {Tue, 14 May 2019 10:00:52 +0200},
	title = {Secure Applications of Pedersen's Distributed Key Generation Protocol},
	volume = {2612},
	year = {2003}}

@inproceedings{GennaroG19,
	author = {Rosario Gennaro and Steven Goldfeder},
	bibsource = {dblp computer science bibliography, https://dblp.org},
	biburl = {https://dblp.org/rec/conf/ccs/GennaroG18.bib},
	booktitle = {{CCS} 2018, Toronto, ON, Canada, October 15-19, 2018},
	editor = {David Lie and Mohammad Mannan and Michael Backes and XiaoFeng Wang},
	pages = {1179--1194},
	publisher = {{ACM}},
	timestamp = {Tue, 10 Nov 2020 20:00:51 +0100},
	title = {Fast Multiparty Threshold {ECDSA} with Fast Trustless Setup},
	year = {2018}}

@article{GennaroRJK07,
	author = {Rosario Gennaro and Tal Rabin and Stanislaw Jarecki and Hugo Krawczyk},
	bibsource = {dblp computer science bibliography, https://dblp.org},
	biburl = {https://dblp.org/rec/journals/joc/GennaroRJK07.bib},
	journal = {J. Cryptol.},
	number = {3},
	pages = {393},
	timestamp = {Fri, 18 Sep 2020 11:17:27 +0200},
	title = {Robust and Efficient Sharing of {RSA} Functions},
	volume = {20},
	year = {2007}}

@inproceedings{GentryW11,
	author = {Craig Gentry and Daniel Wichs},
	bibsource = {dblp computer science bibliography, https://dblp.org},
	biburl = {https://dblp.org/rec/conf/stoc/GentryW11.bib},
	booktitle = {{STOC} 2011, San Jose, CA, USA, 6-8 June 2011},
	editor = {Lance Fortnow and Salil P. Vadhan},
	pages = {99--108},
	publisher = {{ACM}},
	timestamp = {Tue, 06 Nov 2018 11:07:06 +0100},
	title = {Separating succinct non-interactive arguments from all falsifiable assumptions},
	year = {2011}}

@inproceedings{GentryW10,
	author = {Craig Gentry and Daniel Wichs},
	bibsource = {dblp computer science bibliography, https://dblp.org},
	biburl = {https://dblp.org/rec/conf/stoc/GentryW11.bib},
	booktitle = {{STOC} 2011, San Jose, CA, USA, 6-8 June 2011},
	editor = {Lance Fortnow and Salil P. Vadhan},
	pages = {99--108},
	publisher = {{ACM}},
	timestamp = {Tue, 06 Nov 2018 11:07:06 +0100},
	title = {Separating Succinct Non-Interactive Arguments From All Falsifiable Assumptions},
	year = {2011}}

@inproceedings{GhadafiS12,
	author = {Essam Ghadafi and Nigel P. Smart},
	bibsource = {dblp computer science bibliography, https://dblp.org},
	biburl = {https://dblp.org/rec/conf/isw/GhadafiS12.bib},
	booktitle = {Information Security, Passau, Germany, September 19-21, 2012},
	editor = {Dieter Gollmann and Felix C. Freiling},
	pages = {274--289},
	publisher = {Springer},
	series = {LNCS},
	timestamp = {Tue, 14 May 2019 10:00:53 +0200},
	title = {Efficient Two-Move Blind Signatures in the Common Reference String Model},
	volume = {7483},
	year = {2012}}

@article{GoldwasserMR88,
  author       = {Shafi Goldwasser and
                  Silvio Micali and
                  Ronald L. Rivest},
  title        = {A Digital Signature Scheme Secure Against Adaptive Chosen-Message
                  Attacks},
  journal      = {{SIAM} J. Comput.},
  volume       = {17},
  number       = {2},
  pages        = {281--308},
  year         = {1988},
  url          = {https://doi.org/10.1137/0217017},
  doi          = {10.1137/0217017},
  timestamp    = {Wed, 14 Nov 2018 10:45:06 +0100},
  biburl       = {https://dblp.org/rec/journals/siamcomp/GoldwasserMR88.bib},
  bibsource    = {dblp computer science bibliography, https://dblp.org}
}

@inproceedings{Groth10,
	author = {Jens Groth},
	bibsource = {dblp computer science bibliography, https://dblp.org},
	biburl = {https://dblp.org/rec/conf/asiacrypt/Groth10.bib},
	booktitle = {{ASIACRYPT} 2010, Singapore, December 5-9, 2010},
	editor = {Masayuki Abe},
	pages = {321--340},
	publisher = {Springer},
	series = {LNCS},
	timestamp = {Tue, 14 May 2019 10:00:40 +0200},
	title = {Short Pairing-Based Non-interactive Zero-Knowledge Arguments},
	volume = {6477},
	year = {2010}}

@article{GurkanJMMST21,
	author = {Kobi Gurkan and Philipp Jovanovic and Mary Maller and Sarah Meiklejohn and Gilad Stern and Alin Tomescu},
	bibsource = {dblp computer science bibliography, https://dblp.org},
	biburl = {https://dblp.org/rec/conf/eurocrypt/GurkanJMMST21.bib},
	booktitle = {{EUROCRYPT} 2021, Zagreb, Croatia, October 17-21, 2021},
	editor = {Anne Canteaut and Fran{\c{c}}ois{-}Xavier Standaert},
	pages = {147--176},
	publisher = {Springer},
	series = {LNCS},
	timestamp = {Wed, 16 Jun 2021 11:54:07 +0200},
	title = {Aggregatable Distributed Key Generation},
	volume = {12696},
	year = {2021}}

@inproceedings{HauckKL19,
	author = {Eduard Hauck and Eike Kiltz and Julian Loss},
	bibsource = {dblp computer science bibliography, https://dblp.org},
	biburl = {https://dblp.org/rec/conf/eurocrypt/HauckKL19.bib},
	booktitle = {{EUROCRYPT} 2019, Darmstadt, Germany, May 19-23, 2019},
	editor = {Yuval Ishai and Vincent Rijmen},
	pages = {345--375},
	publisher = {Springer},
	series = {LNCS},
	timestamp = {Sat, 19 Oct 2019 20:06:10 +0200},
	title = {A Modular Treatment of Blind Signatures from Identification Schemes},
	volume = {11478},
	year = {2019}}

@inproceedings{JareckiL00,
	author = {Stanislaw Jarecki and Anna Lysyanskaya},
	bibsource = {dblp computer science bibliography, https://dblp.org},
	biburl = {https://dblp.org/rec/conf/eurocrypt/JareckiL00.bib},
	booktitle = {{EUROCRYPT} 2000, Bruges, Belgium, May 14-18, 2000},
	editor = {Bart Preneel},
	pages = {221--242},
	publisher = {Springer},
	series = {LNCS},
	timestamp = {Tue, 14 May 2019 10:00:53 +0200},
	title = {Adaptively Secure Threshold Cryptography: Introducing Concurrency, Removing Erasures},
	volume = {1807},
	year = {2000}}

@inproceedings{JuelsLO97,
	author = {Ari Juels and Michael Luby and Rafail Ostrovsky},
	bibsource = {dblp computer science bibliography, https://dblp.org},
	biburl = {https://dblp.org/rec/conf/crypto/JuelsLO97.bib},
	booktitle = {{CRYPTO} 1997, Santa Barbara, California, USA, August 17-21, 1997},
	editor = {Burton S. Kaliski Jr.},
	pages = {150--164},
	publisher = {Springer},
	series = {LNCS},
	timestamp = {Tue, 14 May 2019 10:00:48 +0200},
	title = {Security of Blind Digital Signatures (Extended Abstract)},
	volume = {1294},
	year = {1997}}

@inproceedings{KatzLR21,
	author = {Jonathan Katz and Julian Loss and Michael Rosenberg},
	bibsource = {dblp computer science bibliography, https://dblp.org},
	biburl = {https://dblp.org/rec/conf/asiacrypt/KatzLR21.bib},
	booktitle = {{ASIACRYPT} 2021, Singapore, December 6-10, 2021},
	editor = {Mehdi Tibouchi and Huaxiong Wang},
	pages = {468--492},
	publisher = {Springer},
	series = {LNCS},
	timestamp = {Fri, 03 Dec 2021 17:36:48 +0100},
	title = {Boosting the Security of Blind Signature Schemes},
	volume = {13093},
	year = {2021}}

@inproceedings{KomloG20,
	author = {Chelsea Komlo and Ian Goldberg},
	bibsource = {dblp computer science bibliography, https://dblp.org},
	biburl = {https://dblp.org/rec/conf/sacrypt/KomloG20.bib},
	booktitle = {{SAC} 2020, Halifax, NS, Canada (Virtual Event), October 21-23, 2020},
	doi = {10.1007/978-3-030-81652-0\_2},
	editor = {Orr Dunkelman and Michael J. Jacobson Jr. and Colin O'Flynn},
	pages = {34--65},
	publisher = {Springer},
	series = {LNCS},
	timestamp = {Thu, 22 Jul 2021 18:58:15 +0200},
	title = {{FROST:} Flexible Round-Optimized Schnorr Threshold Signatures},
	volume = {12804},
	year = {2020},
	bdsk-url-1 = {https://doi.org/10.1007/978-3-030-81652-0%5C_2}}

@article{KoblitzM08,
	author = {Neal Koblitz and Alfred Menezes},
	bibsource = {dblp computer science bibliography, https://dblp.org},
	biburl = {https://dblp.org/rec/journals/jmc/KoblitzM08.bib},
	journal = {J. Math. Cryptol.},
	number = {4},
	pages = {311--326},
	timestamp = {Wed, 17 Feb 2021 08:57:37 +0100},
	title = {Another look at non-standard discrete log and Diffie-Hellman problems},
	volume = {2},
	year = {2008}}

@article{LibertJY16,
	author = {Beno{\^{\i}}t Libert and Marc Joye and Moti Yung},
	bibsource = {dblp computer science bibliography, https://dblp.org},
	biburl = {https://dblp.org/rec/journals/tcs/LibertJY16.bib},
	journal = {Theoretical Computer Science},
	pages = {1--24},
	timestamp = {Wed, 17 Feb 2021 21:59:48 +0100},
	title = {Born and raised distributively: Fully distributed non-interactive adaptively-secure threshold signatures with short shares},
	volume = {645},
	year = {2016}}

@article{Lindell22,
	author = {Yehuda Lindell},
	bibsource = {dblp computer science bibliography, https://dblp.org},
	biburl = {https://dblp.org/rec/journals/iacr/Lindell22.bib},
	journal = {{IACR} Cryptol. ePrint Arch.},
	pages = {374},
	timestamp = {Thu, 21 Apr 2022 17:13:26 +0200},
	title = {Simple Three-Round Multiparty Schnorr Signing with Full Simulatability},
	url = {https://eprint.iacr.org/2022/374},
	year = {2022},
	bdsk-url-1 = {https://eprint.iacr.org/2022/374}}

@inproceedings{LysyanskayaP01,
	author = {Anna Lysyanskaya and Chris Peikert},
	bibsource = {dblp computer science bibliography, https://dblp.org},
	biburl = {https://dblp.org/rec/conf/asiacrypt/LysyanskayaP01.bib},
	booktitle = {{ASIACRYPT} 2001, Gold Coast, Australia, December 9-13, 2001},
	editor = {Colin Boyd},
	pages = {331--350},
	publisher = {Springer},
	series = {LNCS},
	timestamp = {Tue, 01 Jun 2021 15:22:33 +0200},
	title = {Adaptive Security in the Threshold Setting: From Cryptosystems to Signature Schemes},
	volume = {2248},
	year = {2001}}

@misc{Makriyannis22,
	author = {Nikolaos Makriyannis},
	howpublished = {Cryptology ePrint Archive, Paper 2022/1332},
	note = {\url{https://eprint.iacr.org/2022/1332}},
	title = {On the Classic Protocol for MPC Schnorr Signatures},
	url = {https://eprint.iacr.org/2022/1332},
	year = {2022},
	bdsk-url-1 = {https://eprint.iacr.org/2022/1332}}

@article{MaxwellPSW19,
	author = {Gregory Maxwell and Andrew Poelstra and Yannick Seurin and Pieter Wuille},
	bibsource = {dblp computer science bibliography, https://dblp.org},
	biburl = {https://dblp.org/rec/journals/dcc/MaxwellPSW19.bib},
	journal = {Des. Codes Cryptogr.},
	number = {9},
	pages = {2139--2164},
	timestamp = {Mon, 23 Sep 2019 17:26:44 +0200},
	title = {Simple Schnorr multi-signatures with applications to Bitcoin},
	volume = {87},
	year = {2019}}

@article{MaWLD10,
	author = {Changshe Ma and Jian Weng and Yingjiu Li and Robert H. Deng},
	bibsource = {dblp computer science bibliography, https://dblp.org},
	biburl = {https://dblp.org/rec/journals/dcc/MaWLD10.bib},
	journal = {Des. Codes Cryptogr.},
	number = {2},
	pages = {121--133},
	timestamp = {Tue, 12 May 2020 10:32:53 +0200},
	title = {Efficient discrete logarithm based multi-signature scheme in the plain public key model},
	volume = {54},
	year = {2010}}

@misc{Nick19,
	author = {Jonas Nick},
	title = {Insecure Shortcuts in MuSig},
	url = {https://medium.com/blockstream/insecure-shortcuts-in-musig-2ad0d38a97da},
	year = {2019},
	bdsk-url-1 = {https://medium.com/blockstream/insecure-shortcuts-in-musig-2ad0d38a97da}}

@inproceedings{NickRSW20,
	author = {Jonas Nick and Tim Ruffing and Yannick Seurin and Pieter Wuille},
	bibsource = {dblp computer science bibliography, https://dblp.org},
	biburl = {https://dblp.org/rec/conf/ccs/NickRSW20.bib},
	booktitle = {{CCS} 2020, Virtual Event, USA, November 9-13, 2020},
	editor = {Jay Ligatti and Xinming Ou and Jonathan Katz and Giovanni Vigna},
	pages = {1717--1731},
	publisher = {{ACM}},
	timestamp = {Tue, 10 Nov 2020 20:00:56 +0100},
	title = {MuSig-DN: Schnorr Multi-Signatures with Verifiably Deterministic Nonces},
	year = {2020}}

@inproceedings{NickRS21,
  author       = {Jonas Nick and
                  Tim Ruffing and
                  Yannick Seurin},
  editor       = {Tal Malkin and
                  Chris Peikert},
  title        = {MuSig2: Simple Two-Round Schnorr Multi-signatures},
  booktitle    = {Advances in Cryptology - {CRYPTO} 2021 - 41st Annual International
                  Cryptology Conference, {CRYPTO} 2021, Virtual Event, August 16-20,
                  2021, Proceedings, Part {I}},
  series       = {Lecture Notes in Computer Science},
  volume       = {12825},
  pages        = {189--221},
  publisher    = {Springer},
  year         = {2021},
  url          = {https://doi.org/10.1007/978-3-030-84242-0\_8},
  doi          = {10.1007/978-3-030-84242-0\_8},
  timestamp    = {Mon, 16 Aug 2021 09:08:14 +0200},
  biburl       = {https://dblp.org/rec/conf/crypto/NickRS21.bib},
  bibsource    = {dblp computer science bibliography, https://dblp.org}
}

@misc{NIST22,
	author = {Lu{\'\i}s Brand{\~a}o and Michael Davidson},
	howpublished = {\url{https://nvlpubs.nist.gov/nistpubs/ir/2022/NIST.IR.8214B.ipd.pdf}},
	title = {Notes on Threshold EdDSA/Schnorr Signatures},
	year = {2022}}

@misc{NIST23,
	author = {Lu{\'\i}s Brand{\~a}o and Rene Peralta},
	howpublished = {\url{https://nvlpubs.nist.gov/nistpubs/ir/2023/NIST.IR.8214C.ipd.pdf}},
	title = {NIST First Call for Multi-Party Threshold Schemes},
	year = {2023}}

@inproceedings{NicolosiKDM03,
	author = {Antonio Nicolosi and Maxwell N. Krohn and Yevgeniy Dodis and David Mazi{\`{e}}res},
	bibsource = {dblp computer science bibliography, https://dblp.org},
	biburl = {https://dblp.org/rec/conf/ndss/NicolosiKDM03.bib},
	booktitle = {Proceedings of the Network and Distributed System Security Symposium, {NDSS} 2003, San Diego, California, {USA}},
	publisher = {The Internet Society},
	timestamp = {Mon, 01 Feb 2021 08:42:28 +0100},
	title = {Proactive Two-Party Signatures for User Authentication},
	url = {https://www.ndss-symposium.org/ndss2003/proactive-two-party-signatures-user-authentication/},
	year = {2003},
	bdsk-url-1 = {https://www.ndss-symposium.org/ndss2003/proactive-two-party-signatures-user-authentication/}}

@inproceedings{Okamoto92,
	author = {Tatsuaki Okamoto},
	bibsource = {dblp computer science bibliography, https://dblp.org},
	biburl = {https://dblp.org/rec/conf/crypto/Okamoto92.bib},
	booktitle = {{CRYPTO} '92, Santa Barbara, California, USA, August 16-20, 1992},
	editor = {Ernest F. Brickell},
	pages = {31--53},
	publisher = {Springer},
	series = {LNCS},
	timestamp = {Tue, 01 Jun 2021 15:21:29 +0200},
	title = {Provably Secure and Practical Identification Schemes and Corresponding Signature Schemes},
	volume = {740},
	year = {1992}}

@inproceedings{PaillierV05,
	author = {Pascal Paillier and Damien Vergnaud},
	bibsource = {dblp computer science bibliography, https://dblp.org},
	biburl = {https://dblp.org/rec/conf/asiacrypt/PaillierV05.bib},
	booktitle = {{ASIACRYPT} 2005, 11th International Conference on the Theory and Application of Cryptology and Information Security, Chennai, India, December 4-8, 2005},
	doi = {10.1007/11593447\_1},
	editor = {Bimal K. Roy},
	pages = {1--20},
	publisher = {Springer},
	series = {LNCS},
	timestamp = {Tue, 14 May 2019 10:00:40 +0200},
	title = {Discrete-Log-Based Signatures May Not Be Equivalent to Discrete Log},
	url = {https://doi.org/10.1007/11593447\_1},
	volume = {3788},
	year = {2005},
	bdsk-url-1 = {https://doi.org/10.1007/11593447%5C_1}}

@inproceedings{Pedersen91,
	author = {Torben P. Pedersen},
	bibsource = {dblp computer science bibliography, https://dblp.org},
	biburl = {https://dblp.org/rec/conf/eurocrypt/Pedersen91a.bib},
	booktitle = {{EUROCRYPT} 1991, Brighton, UK, April 8-11, 1991},
	editor = {Donald W. Davies},
	pages = {522--526},
	publisher = {Springer},
	series = {LNCS},
	timestamp = {Tue, 14 May 2019 10:00:53 +0200},
	title = {A Threshold Cryptosystem without a Trusted Party (Extended Abstract)},
	volume = {547},
	year = {1991}}

@inproceedings{PointchevalS96,
	author = {David Pointcheval and Jacques Stern},
	bibsource = {dblp computer science bibliography, https://dblp.org},
	biburl = {https://dblp.org/rec/conf/eurocrypt/PointchevalS96.bib},
	booktitle = {{EUROCRYPT} 1996, Saragossa, Spain, May 12-16, 1996},
	editor = {Ueli M. Maurer},
	pages = {387--398},
	publisher = {Springer},
	series = {LNCS},
	timestamp = {Tue, 14 May 2019 10:00:53 +0200},
	title = {Security Proofs for Signature Schemes},
	volume = {1070},
	year = {1996}}


@article{PointchevalS00,
  author       = {David Pointcheval and
                  Jacques Stern},
  title        = {Security Arguments for Digital Signatures and Blind Signatures},
  journal      = {J. Cryptol.},
  volume       = {13},
  number       = {3},
  pages        = {361--396},
  year         = {2000},
  url          = {https://doi.org/10.1007/s001450010003},
  doi          = {10.1007/S001450010003},
  timestamp    = {Fri, 18 Sep 2020 11:17:28 +0200},
  biburl       = {https://dblp.org/rec/journals/joc/PointchevalS00.bib},
  bibsource    = {dblp computer science bibliography, https://dblp.org}
}


@inproceedings{RistenpartY07,
	author = {Thomas Ristenpart and Scott Yilek},
	bibsource = {dblp computer science bibliography, https://dblp.org},
	biburl = {https://dblp.org/rec/conf/eurocrypt/RistenpartY07.bib},
	booktitle = {{EUROCRYPT} 2007, Barcelona, Spain, May 20-24, 2007},
	editor = {Moni Naor},
	pages = {228--245},
	publisher = {Springer},
	series = {LNCS},
	timestamp = {Tue, 14 May 2019 10:00:53 +0200},
	title = {The Power of Proofs-of-Possession: Securing Multiparty Signatures against Rogue-Key Attacks},
	volume = {4515},
	year = {2007}}

@article{Schnorr91,
  author       = {Claus{-}Peter Schnorr},
  title        = {Efficient Signature Generation by Smart Cards},
  journal      = {J. Cryptol.},
  volume       = {4},
  number       = {3},
  pages        = {161--174},
  year         = {1991},
  url          = {https://doi.org/10.1007/BF00196725},
  doi          = {10.1007/BF00196725},
  timestamp    = {Fri, 18 Sep 2020 11:17:33 +0200},
  biburl       = {https://dblp.org/rec/journals/joc/Schnorr91.bib},
  bibsource    = {dblp computer science bibliography, https://dblp.org}
}

@inproceedings{SytaJKGGKFF17,
	author = {Ewa Syta and Philipp Jovanovic and Eleftherios Kokoris{-}Kogias and Nicolas Gailly and Linus Gasser and Ismail Khoffi and Michael J. Fischer and Bryan Ford},
	bibsource = {dblp computer science bibliography, https://dblp.org},
	biburl = {https://dblp.org/rec/conf/sp/SytaJKGGKFF17.bib},
	booktitle = {{SP} 2017, San Jose, CA, USA, May 22-26, 2017},
	pages = {444--460},
	publisher = {{IEEE}},
	timestamp = {Tue, 29 Dec 2020 18:35:02 +0100},
	title = {Scalable Bias-Resistant Distributed Randomness},
	year = {2017}}

@inproceedings{StinsonS01,
  author       = {Douglas R. Stinson and
                  Reto Strobl},
  editor       = {Vijay Varadharajan and
                  Yi Mu},
  title        = {Provably Secure Distributed Schnorr Signatures and a (t, n) Threshold
                  Scheme for Implicit Certificates},
  booktitle    = {Information Security and Privacy, 6th Australasian Conference, {ACISP}
                  2001, Sydney, Australia, July 11-13, 2001, Proceedings},
  series       = {Lecture Notes in Computer Science},
  volume       = {2119},
  pages        = {417--434},
  publisher    = {Springer},
  year         = {2001},
  url          = {https://doi.org/10.1007/3-540-47719-5\_33},
  doi          = {10.1007/3-540-47719-5\_33},
  timestamp    = {Tue, 14 May 2019 10:00:46 +0200},
  biburl       = {https://dblp.org/rec/conf/acisp/StinsonS01.bib},
  bibsource    = {dblp computer science bibliography, https://dblp.org}
}

@article{Shamir79,
	author = {Adi Shamir},
	bibsource = {dblp computer science bibliography, https://dblp.org},
	biburl = {https://dblp.org/rec/journals/cacm/Shamir79.bib},
	journal = {Commun. {ACM}},
	number = {11},
	pages = {612--613},
	timestamp = {Wed, 14 Nov 2018 10:22:34 +0100},
	title = {How to Share a Secret},
	volume = {22},
	year = {1979}}

@article{SchroderU17,
	author = {Dominique Schr{\"{o}}der and Dominique Unruh},
	bibsource = {dblp computer science bibliography, https://dblp.org},
	biburl = {https://dblp.org/rec/journals/joc/SchroderU17.bib},
	journal = {J. Cryptol.},
	number = {2},
	pages = {470--494},
	timestamp = {Fri, 18 Sep 2020 11:17:25 +0200},
	title = {Security of Blind Signatures Revisited},
	volume = {30},
	year = {2017}}

@inproceedings{SeurinPJ12,
	author = {Yannick Seurin},
	bibsource = {dblp computer science bibliography, https://dblp.org},
	biburl = {https://dblp.org/rec/conf/eurocrypt/Seurin12.bib},
	booktitle = {{EUROCRYPT} 2012, Cambridge, UK, April 15-19, 2012},
	editor = {David Pointcheval and Thomas Johansson},
	pages = {554--571},
	publisher = {Springer},
	series = {LNCS},
	timestamp = {Tue, 14 May 2019 10:00:53 +0200},
	title = {On the Exact Security of Schnorr-Type Signatures in the Random Oracle Model},
	volume = {7237},
	year = {2012}}

@inproceedings{ShoupG98,
	author = {Victor Shoup and Rosario Gennaro},
	bibsource = {dblp computer science bibliography, https://dblp.org},
	biburl = {https://dblp.org/rec/conf/eurocrypt/ShoupG98.bib},
	booktitle = {{EUROCRYPT} '98, Finland, May 31 - June 4, 1998},
	editor = {Kaisa Nyberg},
	pages = {1--16},
	publisher = {Springer},
	series = {LNCS},
	timestamp = {Tue, 14 May 2019 10:00:53 +0200},
	title = {Securing Threshold Cryptosystems against Chosen Ciphertext Attack},
	volume = {1403},
	year = {1998}}

@inproceedings{RuffingRJSS22,
	author = {Tim Ruffing and Viktoria Ronge and Elliott Jin and Jonas Schneider{-}Bensch and Dominique Schr{\"{o}}der},
	bibsource = {dblp computer science bibliography, https://dblp.org},
	biburl = {https://dblp.org/rec/conf/ccs/RuffingRJSS22.bib},
	booktitle = {Proceedings of the 2022 {ACM} {SIGSAC} Conference on Computer and Communications Security, {CCS} 2022, Los Angeles, CA, USA, November 7-11, 2022},
	doi = {10.1145/3548606.3560583},
	editor = {Heng Yin and Angelos Stavrou and Cas Cremers and Elaine Shi},
	pages = {2551--2564},
	publisher = {{ACM}},
	timestamp = {Sat, 17 Dec 2022 01:15:29 +0100},
	title = {{ROAST:} Robust Asynchronous Schnorr Threshold Signatures},
	url = {https://doi.org/10.1145/3548606.3560583},
	year = {2022},
	bdsk-url-1 = {https://doi.org/10.1145/3548606.3560583}}

@inproceedings{TessaroZ23,
	author = {Stefano Tessaro and Chenzhi Zhu},
	bibsource = {dblp computer science bibliography, https://dblp.org},
	biburl = {https://dblp.org/rec/conf/eurocrypt/TessaroZ23.bib},
	booktitle = {{EUROCRYPT} 2023 - 42nd Annual International Conference on the Theory and Applications of Cryptographic Techniques, Lyon, France, April 23-27, 2023},
	doi = {10.1007/978-3-031-30589-4\_22},
	editor = {Carmit Hazay and Martijn Stam},
	pages = {628--658},
	publisher = {Springer},
	series = {LNCS},
	timestamp = {Sat, 29 Apr 2023 19:25:02 +0200},
	title = {Threshold and Multi-signature Schemes from Linear Hash Functions},
	url = {https://doi.org/10.1007/978-3-031-30589-4\_22},
	volume = {14008},
	year = {2023},
	bdsk-url-1 = {https://doi.org/10.1007/978-3-031-30589-4%5C_22}}

@misc{ZhouFROST,
	author = {Daniel Zhou},
	title = {FROST: Flexible Round-Optimized Schnorr Threshold Signatures},
	url = {https://blog.coinbase.com/frost-flexible-round-optimized-schnorr-threshold-signatures-b2e950164ee1},
	year = {2021},
	bdsk-url-1 = {https://blog.coinbase.com/frost-flexible-round-optimized-schnorr-threshold-signatures-b2e950164ee1}}

@misc{Zochowski19,
	author = {Michael Zochowski},
	title = {Benchmarking Hash and Signature Algorithms},
	url = {https://medium.com/logos-network/benchmarking-hash-and-signature-algorithms-6079735ce05},
	year = {2019},
	bdsk-url-1 = {https://medium.com/logos-network/benchmarking-hash-and-signature-algorithms-6079735ce05}}
